<?xml version="1.0" encoding="UTF-8"?><record xmlns="http://www.loc.gov/MARC21/slim" xmlns:cinclude="http://apache.org/cocoon/include/1.0" xmlns:zs="http://www.loc.gov/zing/srw/">
  <leader>00683cz  a2200193n  4500</leader>
  <controlfield tag="001">n  98064789 </controlfield>
  <controlfield tag="003">DLC</controlfield>
  <controlfield tag="005">20130313095525.0</controlfield>
  <controlfield tag="008">980720n| azannaab           |a aaa      </controlfield>
  <datafield tag="010" ind1=" " ind2=" ">
    <subfield code="a">n  98064789 </subfield>
  </datafield>
  <datafield tag="040" ind1=" " ind2=" ">
    <subfield code="a">DLC</subfield>
    <subfield code="b">eng</subfield>
    <subfield code="e">rda</subfield>
    <subfield code="c">DLC</subfield>
    <subfield code="d">DLC</subfield>
  </datafield>
  <datafield tag="046" ind1=" " ind2=" ">
    <subfield code="k">1999</subfield>
  </datafield>
  <datafield tag="100" ind1="1" ind2=" ">
    <subfield code="a">Buber, Martin,</subfield>
    <subfield code="d">1878-1965.</subfield>
    <subfield code="t">Works.</subfield>
    <subfield code="k">Selections.</subfield>
    <subfield code="l">English.</subfield>
    <subfield code="f">1999</subfield>
  </datafield>
  <datafield tag="377" ind1=" " ind2=" ">
    <subfield code="a">eng</subfield>
  </datafield>
  <datafield tag="400" ind1="1" ind2=" ">
    <subfield code="a">Buber, Martin,</subfield>
    <subfield code="d">1878-1965.</subfield>
    <subfield code="t">First Buber.</subfield>
    <subfield code="f">1999</subfield>
  </datafield>
  <datafield tag="400" ind1="1" ind2=" ">
    <subfield code="a">Buber, Martin,</subfield>
    <subfield code="d">1878-1965.</subfield>
    <subfield code="t">Martin Buber on psychology and psychotherapy.</subfield>
    <subfield code="f">1999</subfield>
  </datafield>
  <datafield tag="400" ind1="1" ind2=" ">
    <subfield code="w">nnea</subfield>
    <subfield code="a">Buber, Martin,</subfield>
    <subfield code="d">1878-1965.</subfield>
    <subfield code="t">Selections.</subfield>
    <subfield code="l">English.</subfield>
    <subfield code="f">1999</subfield>
  </datafield>
  <datafield tag="670" ind1=" " ind2=" ">
    <subfield code="a">Martin Buber on psychology and psychotherapy, 1999.</subfield>
  </datafield>
  <datafield tag="670" ind1=" " ind2=" ">
    <subfield code="a">The first Buber, 1999.</subfield>
  </datafield>
</record>